% Encoding: UTF-8

@InProceedings{Winery,
  author    = {Oliver Kopp and others},
  booktitle = {Proceedings of 11\textsuperscript{th} International Conference on Service-Oriented Computing (ICSOC'13)},
  title     = {{Winery -- A Modeling Tool for {TOSCA}-based Cloud Applications}},
  year      = {2013},
  pages     = {700--704},
  publisher = {Springer Berlin Heidelberg},
  series    = {LNCS},
  volume    = {8274},
  doi       = {10.1007/978-3-642-45005-1_64},
  keywords  = {Cloud Applications; Modeling; TOSCA; Management; Portability},
}

@Article{Binz2009,
  author    = {Tobias Binz and Gerd Breiter and Frank Leymann and Thomas Spatzier},
  journal   = {IEEE Internet Computing},
  title     = {{Portable Cloud Services Using TOSCA}},
  year      = {2012},
  issn      = {1089-7801},
  month     = may,
  number    = {03},
  pages     = {80--85},
  volume    = {16},
  doi       = {10.1109/mic.2012.43},
  publisher = {IEEE Computer Society},
}

@Manual{mwe,
  title  = {The \texttt{mwe} Package},
  author = {Martin Scharrer},
  year   = {2017},
  url    = {http://texdoc.net/mwe},
}

@Comment{jabref-meta: databaseType:bibtex;}
